@Book{xie2015,
  title = {Dynamic Documents with {R} and knitr},
  author = {Yihui Xie},
  publisher = {Chapman and Hall/CRC},
  address = {Boca Raton, Florida},
  year = {2015},
  edition = {2nd},
  note = {ISBN 978-1498716963},
  url = {http://yihui.org/knitr/},
}

@Article{mirandanegrón2022,
  title = {Radial glia and radial glia-like cells: Their role in neurogenesis and regeneration},
  author = {Miranda-Negrón, García-Arrarás},
  journal = {Frontiers in Neuroscience},
  year  = {2022},
  month = {November},
  volume = {16},
  doi = {10.3389/fnins.2022.1006037},
}

@Article{raasakka2019,
  title = {Molecular structure and function of myelin protein P0 in membrane stacking},
  author = {Raasakka, et al.},
  journal = {Scientific Reports},
  year  = {2019},
  month = {January},
  volume = {9},
  doi = {10.1038/s41598-018-37009-4},
}

@Book{junqueira2018histologia,
  title={Histologia b{\'a}sica: texto e atlas, 13 edi{\c{c}}{\~a}o ed},
  author={Junqueira, LC and Carneiro, J},
  year={2018},
  publisher={Guanabara Koogan: Rio de Janeiro}
}

@Book{kierszenbaum2008histologia,
  title={Histologia e biologia celular: uma introdu{\c{c}}{\~a}o {\`a} patologia},
  author={Kierszenbaum, Abraham L},
  year={2008},
  publisher={Elsevier}
}

@Book{machado2013neuroanatomia,
  title={Neuroanatomia funcional},
  author={Machado, Angelo and Haertel, Lucia Machado},
  year={2013},
  publisher={Atheneu}
}

@Book{schoenwolf2014larsen,
  title={Larsen's human embryology},
  author={Schoenwolf, Gary C and Bleyl, Steven B and Brauer, Philip R and Francis-West, Philippa H},
  year={2014},
  publisher={Elsevier Health Sciences}
}

@Book{stahl2021stahl,
  title={Stahl's essential psychopharmacology: neuroscientific basis and practical applications},
  author={Stahl, Stephen M},
  year={2021},
  publisher={Cambridge university press}
}